@article{scholl2020market,
  title={How Market Ecology Explains Market Malfunction},
  author={Scholl, Maarten P and Calinescu, Anisoara and Farmer, J Doyne},
  journal={PNAS},
  year={2020}
}

@article{lebaron2001empirical,
  title={Empirical regularities from interacting long-and short-memory investors in an agent-based stock market},
  author={LeBaron, Blake},
  journal={Ieee transactions on evolutionary computation},
  volume={5},
  number={5},
  pages={442--455},
  year={2001},
  publisher={IEEE}
}